[gd_scene load_steps=10 format=2]

[ext_resource path="res://cerfcol.tscn" type="PackedScene" id=1]
[ext_resource path="res://test.gd" type="Script" id=2]
[ext_resource path="res://entities/PlayerKnight.tscn" type="PackedScene" id=3]
[ext_resource path="res://models/dragonito.glb" type="PackedScene" id=4]
[ext_resource path="res://ui/joystick/joystick.tscn" type="PackedScene" id=5]
[ext_resource path="res://Debug.tscn" type="PackedScene" id=6]
[ext_resource path="res://map/Map.tscn" type="PackedScene" id=7]
[ext_resource path="res://ui/SwipeHandler.tscn" type="PackedScene" id=8]

[sub_resource type="Environment" id=1]
ambient_light_color = Color( 0.964706, 0.937255, 0.913725, 1 )

[node name="Spatial" type="Spatial"]
script = ExtResource( 2 )
__meta__ = {
"_edit_vertical_guides_": [ -334.245 ]
}

[node name="CamHandler" type="Spatial" parent="."]
transform = Transform( -1.62921e-07, -1, 0, 1, -1.62921e-07, 0, 0, 0, 1, 0, 0, 0 )

[node name="OverCam" type="Camera" parent="CamHandler"]
transform = Transform( -1.62921e-07, 0, 1, 0, 1, 0, -1, 0, -1.62921e-07, 19.1719, 0, 0 )
doppler_tracking = 1

[node name="CloseCam" type="Camera" parent="."]
transform = Transform( -1.62921e-07, 0, 1, 0, 1, 0, -1, 0, -1.62921e-07, 7, 0, 0 )
doppler_tracking = 1
current = true

[node name="Guacanos" type="Node" parent="."]

[node name="guac" parent="Guacanos" instance=ExtResource( 1 )]
transform = Transform( 2.6, 0, 0, 0, 2.6, 0, 0, 0, 3, 0, 1.60006, 0 )

[node name="Dragons" type="Node" parent="."]

[node name="dragonito" parent="Dragons" instance=ExtResource( 4 )]
transform = Transform( -1.59886e-07, 0, 0.981372, 0, 0.981372, 0, -0.981372, 0, -1.59886e-07, 0, 0, 3.18313 )
visible = false

[node name="dragonito2" parent="Dragons" instance=ExtResource( 4 )]
transform = Transform( -1.59886e-07, 0, 0.981372, 0, 0.981372, 0, -0.981372, 0, -1.59886e-07, 0, 0, 3.18313 )
visible = false

[node name="dragonito3" parent="Dragons" instance=ExtResource( 4 )]
transform = Transform( -1.59886e-07, 0, 0.981372, 0, 0.981372, 0, -0.981372, 0, -1.59886e-07, 0, 0, -1.61358 )
visible = false

[node name="dragonito4" parent="Dragons" instance=ExtResource( 4 )]
transform = Transform( -1.59886e-07, 0, 0.981372, 0, 0.981372, 0, -0.981372, 0, -1.59886e-07, 0, 0, 0.665715 )
visible = false

[node name="dragonito5" parent="Dragons" instance=ExtResource( 4 )]
transform = Transform( -1.59886e-07, 0, 0.981372, 0, 0.981372, 0, -0.981372, 0, -1.59886e-07, 0, 0, 3.18313 )
visible = false

[node name="dragonito6" parent="Dragons" instance=ExtResource( 4 )]
transform = Transform( -1.59886e-07, 0, 0.981372, 0, 0.981372, 0, -0.981372, 0, -1.59886e-07, 0, 0, -3.65666 )
visible = false

[node name="Map" parent="." instance=ExtResource( 7 )]
transform = Transform( 1, 0, 0, 0, 1, 0, 0, 0, 1, 0, -1.17037, 0 )

[node name="DirectionalLight" type="DirectionalLight" parent="."]
transform = Transform( 1, 0, 0, 0, 1, 0, 0, 0, 1, 28.86, 26.8941, 0 )
visible = false
light_specular = 0.68
shadow_reverse_cull_face = true

[node name="UI" type="Node2D" parent="."]

[node name="SwipeHandler" parent="UI" instance=ExtResource( 8 )]

[node name="joystickCam" parent="UI" instance=ExtResource( 5 )]
position = Vector2( 1314.23, 720.859 )

[node name="Debug" parent="UI" instance=ExtResource( 6 )]
scale = Vector2( 4, 4 )

[node name="Players" type="Node" parent="."]

[node name="Knight" parent="Players" instance=ExtResource( 3 )]

[node name="WorldEnvironment" type="WorldEnvironment" parent="."]
environment = SubResource( 1 )
